%%
%% Arquivo de referências bibliográficas.
%%

% Source: https://www.nature.com/articles/43601
@article{albert1999internet,
  title={Internet: Diameter of the world-wide web},
  author={Albert, R{\'e}ka and Jeong, Hawoong and Barab{\'a}si, Albert-L{\'a}szl{\'o}},
  journal={nature},
  volume={401},
  number={6749},
  pages={130},
  year={1999},
  publisher={Nature Publishing Group}
}

% Source: https://www.nature.com/articles/160486a0
@article{lattes1947observations,
  title={Observations on the tracks of slow mesons in photographic emulsions},
  author={Lattes, Cesare Mansueto Giulio and Occhialini, Giuseppe PS and Powell, Cecil Frank},
  journal={Nature},
  volume={160},
  number={4067},
  pages={486},
  year={1947},
  publisher={Nature Publishing Group}
}

% Source: https://link.springer.com/content/pdf/10.1007/BF01386390.pdf
@article{dijkstra1959note,
  title={A note on two problems in connexion with graphs},
  author={Dijkstra, Edsger W},
  journal={Numerische mathematik},
  volume={1},
  number={1},
  pages={269--271},
  year={1959},
  publisher={Springer}
}

% Source: http://link.springer.com/10.1007/s00450-012-0232-2
@article{souza-et-al:csrd13,
 title = {{Requirements-driven software evolution}},
 author = {Souza, V\'{\i}tor E. Silva and Lapouchnian, Alexei and Angelopoulos, Konstantinos and Mylopoulos, John},
 journal = {Computer Science - Research and Development},
 number = {4},
 pages = {311--329},
 publisher = {Springer},
 volume = {28},
 year = {2013}
}

% Source: http://dx.doi.org/10.1002/spe.2245
@article{souza-mylopoulos:spe13,
 title = {{Designing an adaptive computer-aided ambulance dispatch system with Zanshin: an experience report}},
 author = {Souza, V\'{\i}tor E. Silva and Mylopoulos, John},
 editor = {Wellings, Andy},
 journal = {Software: Practice and Experience (online first: http://dx.doi.org/10.1002/spe.2245)},
 publisher = {Wiley},
 year = {2013}
}

@book{pressman2016engenharia,
	author    = {Roger S. Pressman and Bruce R. Maxim},
	title     = {Engenharia de Software: uma abordagem profissional},
	edition   = {8},
	year      = {2016},
	publisher = {AMGH Editora},
	address   = {Porto Alegre}
}

@book{sommerville2011software,
	author    = {Ian Sommerville},
	title     = {Engenharia de Software},
	edition   = {9},
	year      = {2011},
	publisher = {Pearson Prentice Hall},
	address   = {São Paulo}
}

@incollection{gellersen2002web,
	author    = {Hans-Werner Gellersen and Michel Gaedke},
	title     = {Web Engineering: Modelling and Architectures},
	booktitle = {Web Engineering},
	editor    = {Gerti Kappel and Birgit Pröll and Siegfried Reich and Werner Retschitzegger},
	publisher = {John Wiley \& Sons},
	year      = {2002},
	pages     = {3--24}
}

@book{nielsen1994usability,
	author    = {Jakob Nielsen},
	title     = {Usability Engineering},
	year      = {1994},
	publisher = {Morgan Kaufmann},
	address   = {San Francisco}
}

@misc{projeto_marvin_core,
	author    = {Vítor Estevão Silva Souza},
	title     = {Projeto do Sistema Marvin},
	year      = {2024},
	howpublished = {Documento interno},
	note      = {Disponível na pasta de documentação do projeto}
}

@misc{requisitos_marvin_core,
	author    = {Vitor Araujo Chane},
	title     = {Especificação de Requisitos do Sistema Marvin},
	year      = {2023},
	howpublished = {Documento interno},
	note      = {Disponível na pasta de documentação do projeto}
}

@article{sandhu1996role,
	author  = {Ravi S. Sandhu and Edward J. Coyne and Hal L. Feinstein and Charles E. Youman},
	title   = {Role-Based Access Control Models},
	journal = {IEEE Computer},
	volume  = {29},
	number  = {2},
	pages   = {38--47},
	year    = {1996},
	publisher = {IEEE}
}